<record><leader>00000cas a2200000 a 4500</leader><controlfield tag="001">11026996</controlfield><controlfield tag="008">840807d17901809vaucr ne      0    0eng c</controlfield><datafield ind1=" " ind2=" " tag="010"><subfield code="a">sn 84024706 </subfield></datafield><datafield ind1=" " ind2=" " tag="040"><subfield code="a">NPV</subfield><subfield code="b">eng</subfield><subfield code="c">NPV</subfield><subfield code="d">NPX</subfield><subfield code="d">DLC</subfield><subfield code="d">NPU</subfield><subfield code="d">DLC</subfield><subfield code="d">MFN</subfield><subfield code="d">KNP</subfield><subfield code="d">YOX</subfield><subfield code="d">CNK</subfield><subfield code="d">MGN</subfield><subfield code="d">NVK</subfield><subfield code="d">CVF</subfield><subfield code="d">NVK</subfield><subfield code="d">OCL</subfield><subfield code="d">CVF</subfield><subfield code="d">DLC</subfield><subfield code="d">KRTAS</subfield><subfield code="d">OCLCQ</subfield><subfield code="d">OCLCF</subfield><subfield code="d">OCLCO</subfield><subfield code="d">CRL</subfield></datafield><datafield ind1=" " ind2=" " tag="042"><subfield code="a">pcc</subfield></datafield><datafield ind1=" " ind2=" " tag="043"><subfield code="a">n-us-va</subfield></datafield><datafield ind1="0" ind2="0" tag="050"><subfield code="a">Newspaper 10105</subfield></datafield><datafield ind1="0" ind2="4" tag="245"><subfield code="a">The Virginia gazette, and general advertiser.</subfield></datafield><datafield ind1="3" ind2=" " tag="246"><subfield code="a">Virginia gazette, &amp; general advertiser</subfield></datafield><datafield ind1="3" ind2=" " tag="246"><subfield code="a">Virginia gazette and extraordinary</subfield></datafield><datafield ind1="1" ind2=" " tag="246"><subfield code="i">Includes extras called:</subfield><subfield code="a">Virginia gazette, &amp; extraordinary</subfield></datafield><datafield ind1="1" ind2=" " tag="246"><subfield code="i">Includes extras called:</subfield><subfield code="a">Gazette, extra</subfield></datafield><datafield ind1="1" ind2=" " tag="246"><subfield code="i">Includes extras called:</subfield><subfield code="a">Postscript, extra</subfield></datafield><datafield ind1="1" ind2=" " tag="246"><subfield code="i">Includes extras called:</subfield><subfield code="a">Postscript to the Virginia gazette</subfield></datafield><datafield ind1="1" ind2=" " tag="246"><subfield code="i">Includes extras called:</subfield><subfield code="a">Supplement (Extraordinary) to the Virg. Gazette, &amp;c</subfield></datafield><datafield ind1="1" ind2=" " tag="246"><subfield code="i">Includes extras called:</subfield><subfield code="a">Supplement to the Virginia gazette, &amp;c</subfield></datafield><datafield ind1="1" ind2=" " tag="246"><subfield code="i">Includes extras called:</subfield><subfield code="a">Supplement extraordinary</subfield></datafield><datafield ind1=" " ind2=" " tag="260"><subfield code="a">Richmond [Va.] :</subfield><subfield code="b">A. Davis,</subfield><subfield code="c">1790-1809.</subfield></datafield><datafield ind1=" " ind2=" " tag="300"><subfield code="a">v.</subfield></datafield><datafield ind1=" " ind2=" " tag="310"><subfield code="a">Semiweekly,</subfield><subfield code="b">1799-1809</subfield></datafield><datafield ind1=" " ind2=" " tag="321"><subfield code="a">Weekly,</subfield><subfield code="b">1790-1798</subfield></datafield><datafield ind1="0" ind2=" " tag="362"><subfield code="a">Vol. 5, no. 212 (Aug. 25, 1790)-v. 22, no. 1723 (Dec. 19, 1809).</subfield></datafield><datafield ind1=" " ind2=" " tag="525"><subfield code="a">Includes supplements.</subfield></datafield><datafield ind1=" " ind2=" " tag="530"><subfield code="a">Also issued on microfilm from the Library of Congress Photoduplication Service; Bell &amp; Howell, Micro Photo Div.; University of Virginia, and the Library of Virginia.</subfield></datafield><datafield ind1=" " ind2="0" tag="651"><subfield code="a">Richmond (Va.)</subfield><subfield code="v">Newspapers.</subfield></datafield><datafield ind1=" " ind2="7" tag="651"><subfield code="a">Virginia</subfield><subfield code="z">Richmond.</subfield><subfield code="2">fast</subfield><subfield code="0">(OCoLC)fst01205345</subfield></datafield><datafield ind1=" " ind2="7" tag="655"><subfield code="a">Newspapers.</subfield><subfield code="2">fast</subfield><subfield code="0">(OCoLC)fst01423814</subfield></datafield><datafield ind1=" " ind2=" " tag="752"><subfield code="a">United States</subfield><subfield code="b">Virginia</subfield><subfield code="d">Richmond.</subfield></datafield><datafield ind1="0" ind2="8" tag="776"><subfield code="i">Online version:</subfield><subfield code="t">Virginia gazette, and general advertiser</subfield><subfield code="w">(OCoLC)948813752</subfield></datafield><datafield ind1="0" ind2="0" tag="780"><subfield code="t">Virginia independent chronicle, and general advertiser</subfield><subfield code="w">(DLC)sn 84024705</subfield></datafield><datafield ind1="0" ind2="0" tag="785"><subfield code="t">Virginia patriot (Richmond, Va. : 1809)</subfield><subfield code="w">(DLC)sn 85026760</subfield></datafield><datafield ind1=" " ind2=" " tag="938"><subfield code="a">Kirtas Technologies, Inc.</subfield><subfield code="b">KRTS</subfield><subfield code="n">738687</subfield></datafield><datafield ind1="1" ind2=" " tag="029"><subfield code="a">AU@</subfield><subfield code="b">000003655536</subfield></datafield></record>